@article{martin2021secteur,
  title={Le secteur spatial europ{\'e}en dans la comp{\'e}tition internationale},
  author={Martin, {\'E}ric-Andr{\'e}},
  journal={Questions internationales},
  volume={110},
  number={6},
  pages={96--102},
  year={2021},
  publisher={La Documentation fran{\c{c}}aise}
}

@article{lohner2019towards,
  title={Towards overcoming the LES crisis},
  author={L{\"o}hner, Rainald},
  journal={International Journal of Computational Fluid Dynamics},
  volume={33},
  number={3},
  pages={87--97},
  year={2019},
  publisher={Taylor \& Francis}
}

@article{boivin2021benchmarking,
  title={Benchmarking a lattice-Boltzmann solver for reactive flows: Is the method worth the effort for combustion?},
  author={Boivin, Pierre and Tayyab, M and Zhao, S},
  journal={Physics of Fluids},
  volume={33},
  number={7},
  year={2021},
  publisher={AIP Publishing}
}

@book{poling2001properties,
  title={The properties of gases and liquids},
  author={Poling, Bruce E and Prausnitz, John M and O'connell, John P and others},
  volume={5},
  year={2001},
  publisher={Mcgraw-hill New York}
}

@article{poinsot2005theoretical,
  title={Theoretical and Numerical Combustion},
  author={Poinsot, Thierry},
  journal={RT Edwards},
  year={2005}
}


@article{mayer2003raman,
  title={Raman measurements of cryogenic injection at supercritical pressure},
  author={Mayer, W and Telaar, J and Branam, R and Schneider, G and Hussong, J},
  journal={Heat and Mass Transfer},
  volume={39},
  number={8},
  pages={709--719},
  year={2003},
  publisher={Springer}
}

@article{schmitt2009large,
  title={Large-eddy simulation of transcritical flows},
  author={Schmitt, Thomas and Selle, Laurent and Cuenot, B{\'e}n{\'e}dicte and Poinsot, Thierry},
  journal={Comptes Rendus M{\'e}canique},
  volume={337},
  number={6-7},
  pages={528--538},
  year={2009},
  publisher={Elsevier}
}

@article{ruiz2016numerical,
  title={Numerical benchmark for high-Reynolds-number supercritical flows with large density gradients},
  author={Ruiz, Anthony M and Lacaze, Guilhem and Oefelein, Joseph C and Mari, Raphae{\"e} and Cuenot, B{\'e}n{\'e}dicte and Selle, Laurent and Poinsot, Thierry},
  journal={Aiaa Journal},
  volume={54},
  number={5},
  pages={1445--1460},
  year={2016},
  publisher={American Institute of Aeronautics and Astronautics}
}

@article{ruiz2016numerical,
  title={Numerical benchmark for high-Reynolds-number supercritical flows with large density gradients},
  author={Ruiz, Anthony M and Lacaze, Guilhem and Oefelein, Joseph C and Mari, Raphae{\"e} and Cuenot, B{\'e}n{\'e}dicte and Selle, Laurent and Poinsot, Thierry},
  journal={Aiaa Journal},
  volume={54},
  number={5},
  pages={1445--1460},
  year={2016},
  publisher={American Institute of Aeronautics and Astronautics}
}

@book{gardiner1984combustion,
  title={Combustion chemistry},
  author={Gardiner, William Cecil and Burcat, Alexander},
  year={1984},
  publisher={Springer}
}

@article{le2016noble,
  title={The Noble-Abel stiffened-gas equation of state},
  author={Le M{\'e}tayer, Olivier and Saurel, Richard},
  journal={Physics of Fluids},
  volume={28},
  number={4},
  year={2016},
  publisher={AIP Publishing}
}

@article{boivin2019thermodynamic,
  title={A thermodynamic closure for the simulation of multiphase reactive flows},
  author={Boivin, Pierre and Cannac, MA and Le M{\'e}tayer, O},
  journal={International Journal of Thermal Sciences},
  volume={137},
  pages={640--649},
  year={2019},
  publisher={Elsevier}
}

@article{jofre2021transcritical,
  title={Transcritical diffuse-interface hydrodynamics of propellants in high-pressure combustors of chemical propulsion systems},
  author={Jofre, Llu{\'\i}s and Urzay, Javier},
  journal={Progress in Energy and Combustion Science},
  volume={82},
  pages={100877},
  year={2021},
  publisher={Elsevier}
}

@article{mcmillan2010going,
  title={Going supercritical},
  author={McMillan, Paul F and Stanley, H Eugene},
  journal={Nature Physics},
  volume={6},
  number={7},
  pages={479--480},
  year={2010},
  publisher={Nature Publishing Group UK London}
}

@inproceedings{banuti2017seven,
  title={Seven questions about supercritical fluids-towards a new fluid state diagram},
  author={Banuti, Daniel and Raju, Muralikrishna and Ma, Peter C and Ihme, Matthias and Hickey, Jean-Pierre},
  booktitle={55th AIAA Aerospace Sciences Meeting},
  pages={1106},
  year={2017}
}

@article{burgess2012thermochemical,
  title={Thermochemical data},
  author={Burgess, Donald R},
  journal={NIST Chemistry WebBook, NIST Standard Reference Database},
  volume={69},
  year={2012}
}


@article{gorelli2006liquidlike,
  title={Liquidlike behavior of supercritical fluids},
  author={Gorelli, Federico and Santoro, Mario and Scopigno, Tullio and Krisch, Michael and Ruocco, Giancarlo},
  journal={Physical review letters},
  volume={97},
  number={24},
  pages={245702},
  year={2006},
  publisher={APS}
}

@article{simeoni2010widom,
  title={The Widom line as the crossover between liquid-like and gas-like behaviour in supercritical fluids},
  author={Simeoni, GG and Bryk, T and Gorelli, FA and Krisch, M and Ruocco, Giancarlo and Santoro, M and Scopigno, Tullio},
  journal={Nature Physics},
  volume={6},
  number={7},
  pages={503--507},
  year={2010},
  publisher={Nature Publishing Group UK London}
}

@article{lamorgese2018widom,
  title={Widom line prediction by the Soave--Redlich--Kwong and Peng--Robinson equations of state},
  author={Lamorgese, A and Ambrosini, W and Mauri, R},
  journal={The Journal of Supercritical Fluids},
  volume={133},
  pages={367--371},
  year={2018},
  publisher={Elsevier}
}

@article{waring1954form,
  title={Form of a wide-range vapor pressure equation},
  author={Waring, Worden},
  journal={Industrial \& Engineering Chemistry},
  volume={46},
  number={4},
  pages={762--763},
  year={1954},
  publisher={ACS Publications}
}


@article{banuti2017similarity,
  title={Similarity law for Widom lines and coexistence lines},
  author={Banuti, DT and Raju, M and Ihme, M},
  journal={Physical Review E},
  volume={95},
  number={5},
  pages={052120},
  year={2017},
  publisher={APS}
}

@article{banuti2015crossing,
  title={Crossing the Widom-line--supercritical pseudo-boiling},
  author={Banuti, DT},
  journal={The Journal of Supercritical Fluids},
  volume={98},
  pages={12--16},
  year={2015},
  publisher={Elsevier}
}

@article{banuti2020between,
  title={Between supercritical liquids and gases--reconciling dynamic and thermodynamic state transitions},
  author={Banuti, DT and Raju, M and Ihme, MJTJoSF},
  journal={The Journal of Supercritical Fluids},
  volume={165},
  pages={104895},
  year={2020},
  publisher={Elsevier}
}

@book{tosun2021thermodynamics,
  title={The thermodynamics of phase and reaction equilibria},
  author={Tosun, Ismail},
  year={2021},
  publisher={Elsevier}
}

@article{van1910equation,
  title={The equation of state for gases and liquids},
  author={Van der Waals, Johannes D},
  journal={Nobel lectures in Physics},
  volume={1},
  pages={254--265},
  year={1910}
}

@article{wei2000equations,
  title={Equations of state for the calculation of fluid-phase equilibria},
  author={Wei, Ya Song and Sadus, Richard J},
  journal={AIChE journal},
  volume={46},
  number={1},
  pages={169--196},
  year={2000},
  publisher={Wiley Online Library}
}

@article{redlich1949thermodynamics,
  title={On the thermodynamics of solutions. V. An equation of state. Fugacities of gaseous solutions.},
  author={Redlich, Otto and Kwong, Joseph NS},
  journal={Chemical reviews},
  volume={44},
  number={1},
  pages={233--244},
  year={1949},
  publisher={ACS Publications}
}

@article{chueh1967vapor1,
  title={Vapor-liquid equilibria at high pressures: Calculation of partial molar volumes in nonpolar liquid mixtures},
  author={Chueh, PL and Prausnitz, JM},
  journal={AIChE journal},
  volume={13},
  number={6},
  pages={1099--1107},
  year={1967},
  publisher={Wiley Online Library}
}

@article{chueh1967vapor2,
  title={Vapor-liquid equilibria at high pressures. Vapor-phase fugacity coefficients in nonpolar and quantum-gas mixtures},
  author={Chueh, PL and Prausnitz, JM},
  journal={Industrial \& Engineering Chemistry Fundamentals},
  volume={6},
  number={4},
  pages={492--498},
  year={1967},
  publisher={ACS Publications}
}

@article{pitzer1955volumetric,
  title={The volumetric and thermodynamic properties of fluids. II. Compressibility factor, vapor pressure and entropy of vaporization1},
  author={Pitzer, Kenneth S and Lippmann, David Z and Curl Jr, RF and Huggins, Charles M and Petersen, Donald E},
  journal={Journal of the American Chemical Society},
  volume={77},
  number={13},
  pages={3433--3440},
  year={1955},
  publisher={ACS Publications}
}

@article{soave1972equilibrium,
  title={Equilibrium constants from a modified Redlich-Kwong equation of state},
  author={Soave, Giorgio},
  journal={Chemical engineering science},
  volume={27},
  number={6},
  pages={1197--1203},
  year={1972},
  publisher={Elsevier}
}

@article{peng1976new,
  title={A new two-constant equation of state},
  author={Peng, Ding-Yu and Robinson, Donald B},
  journal={Industrial \& Engineering Chemistry Fundamentals},
  volume={15},
  number={1},
  pages={59--64},
  year={1976},
  publisher={ACS Publications}
}

@article{riazi1993use,
  title={Use of the Velocity of Sound in Predicting the PVT Relations},
  author={Riazi, Mohammad R and Mansoori, G Ali},
  journal={Fluid phase equilibria},
  volume={90},
  number={2},
  pages={251--264},
  year={1993},
  publisher={Elsevier}
}

@article{meng2003unified,
  title={A unified treatment of general fluid thermodynamics and its application to a preconditioning scheme},
  author={Meng, Hua and Yang, Vigor},
  journal={Journal of Computational Physics},
  volume={189},
  number={1},
  pages={277--304},
  year={2003},
  publisher={Elsevier}
}

@article{mathias1983extension,
  title={Extension of the Peng-Robinson equation of state to complex mixtures: Evaluation of the various forms of the local composition concept},
  author={Mathias, Paul M and Copeman, Thomas W},
  journal={Fluid Phase Equilibria},
  volume={13},
  pages={91--108},
  year={1983},
  publisher={Elsevier}
}
@article{mathias1989density,
  title={A density correction for the Peng—Robinson equation of state},
  author={Mathias, Paul M and Naheiri, Tarik and Oh, Edwin M},
  journal={Fluid Phase Equilibria},
  volume={47},
  number={1},
  pages={77--87},
  year={1989},
  publisher={Elsevier}
}

@article{peneloux1982consistent,
  title={A consistent correction for Redlich-Kwong-Soave volumes},
  author={P{\'e}neloux, Andr{\'e} and Rauzy, Evelyne and Fr{\'e}ze, Richard},
  journal={Fluid phase equilibria},
  volume={8},
  number={1},
  pages={7--23},
  year={1982},
  publisher={Elsevier}
}

@article{jaubert2016note,
  title={Note on the properties altered by application of a P{\'e}neloux--type volume translation to an equation of state},
  author={Jaubert, Jean-No{\"e}l and Privat, Romain and Le Guennec, Yohann and Coniglio, Lucie},
  journal={Fluid Phase Equilibria},
  volume={419},
  pages={88--95},
  year={2016},
  publisher={Elsevier}
}

@article{hansen1969quantum,
  title={Quantum corrections to the coexistence curve of neon near the triple point},
  author={Hansen, Jean-Pierre and Weis, Jean-Jacques},
  journal={Physical Review},
  volume={188},
  number={1},
  pages={314},
  year={1969},
  publisher={APS}
}

@article{kalikhman2010physical,
  title={About the physical validity of attaching the repulsive terms of analytical EOS models by temperature dependencies},
  author={Kalikhman, Vladimir and Kost, Daniel and Polishuk, Ilya},
  journal={Fluid Phase Equilibria},
  volume={293},
  number={2},
  pages={164--167},
  year={2010},
  publisher={Elsevier}
}

@article{aasen2020accurate,
  title={Accurate quantum-corrected cubic equations of state for helium, neon, hydrogen, deuterium and their mixtures},
  author={Aasen, Ailo and Hammer, Morten and Lasala, Silvia and Jaubert, Jean-No{\"e}l and Wilhelmsen, {\O}ivind},
  journal={Fluid Phase Equilibria},
  volume={524},
  pages={112790},
  year={2020},
  publisher={Elsevier}
}

@article{petit2013large,
  title={Large-eddy simulation of supercritical fluid injection},
  author={Petit, Xavier and Ribert, Guillaume and Lartigue, G and Domingo, P},
  journal={The Journal of Supercritical Fluids},
  volume={84},
  pages={61--73},
  year={2013},
  publisher={Elsevier}
}

@phdthesis{petit2014etude,
  title={Etude de l'interaction cin{\'e}tique chimique/turbulence dans une flamme cryotechnique LOx/CHA4},
  author={Petit, Xavier},
  year={2014},
  school={INSA de Rouen}
}

@article{chung1988generalized,
  title={Generalized multiparameter correlation for nonpolar and polar fluid transport properties},
  author={Chung, Ting Horng and Ajlan, Mohammad and Lee, Lloyd L and Starling, Kenneth E},
  journal={Industrial \& engineering chemistry research},
  volume={27},
  number={4},
  pages={671--679},
  year={1988},
  publisher={ACS Publications}
}

@phdthesis{matuszewski2011modelisation,
  title={Mod{\'e}lisation et simulation num{\'e}rique des ph{\'e}nom{\`e}nes de combustion en r{\'e}gime supercritique},
  author={Matuszewski, Lionel},
  year={2011},
  school={Paris 6}
}

@article{ely1981prediction,
  title={Prediction of transport properties. 1. Viscosity of fluids and mixtures},
  author={Ely, James F and Hanley, HJM},
  journal={Industrial \& Engineering Chemistry Fundamentals},
  volume={20},
  number={4},
  pages={323--332},
  year={1981},
  publisher={ACS Publications}
}

@article{bhatnagar1954small,
  title={Small amplitude processes in charged and neutral one-component systems},
  author={Bhatnagar, PL and Gross, EP and Krook, ML1954PhRv},
  year={1954},
  publisher={PHYSICAL REVIEW}
}


@article{shan1998discretization,
  title={Discretization of the velocity space in the solution of the Boltzmann equation},
  author={Shan, Xiaowen and He, Xiaoyi},
  journal={Physical Review Letters},
  volume={80},
  number={1},
  pages={65},
  year={1998},
  publisher={APS}
}

@article{grad1949note,
  title={Note on N-dimensional hermite polynomials},
  author={Grad, Harold},
  journal={Communications on Pure and Applied Mathematics},
  volume={2},
  number={4},
  pages={325--330},
  year={1949},
  publisher={Wiley Online Library}
}

@article{he1997theory,
  title={Theory of the lattice Boltzmann method: From the Boltzmann equation to the lattice Boltzmann equation},
  author={He, Xiaoyi and Luo, Li-Shi},
  journal={Physical review E},
  volume={56},
  number={6},
  pages={6811},
  year={1997},
  publisher={APS}
}

@article{shan2006kinetic,
  title={Kinetic theory representation of hydrodynamics: a way beyond the Navier--Stokes equation},
  author={Shan, Xiaowen and Yuan, Xue-Feng and Chen, Hudong},
  journal={Journal of Fluid Mechanics},
  volume={550},
  pages={413--441},
  year={2006},
  publisher={Cambridge University Press}
}

@phdthesis{farag2022modelisation,
  title={Mod{\'e}lisation des {\'e}coulements compressibles via les m{\'e}thodes lattice-Boltzmann},
  author={Farag, Gabriel},
  year={2022},
  school={Aix-Marseille}
}

@article{kruger2017lattice,
  title={The lattice Boltzmann method},
  author={Kr{\"u}ger, Timm and Kusumaatmaja, Halim and Kuzmin, Alexandr and Shardt, Orest and Silva, Goncalo and Viggen, Erlend Magnus},
  journal={Springer International Publishing},
  volume={10},
  number={978-3},
  pages={4--15},
  year={2017},
  publisher={Springer}
}

@article{tayyab2020hybrid,
  title={Hybrid regularized lattice-Boltzmann modelling of premixed and non-premixed combustion processes},
  author={Tayyab, M and Zhao, S and Feng, Y and Boivin, Pierre},
  journal={Combustion and Flame},
  volume={211},
  pages={173--184},
  year={2020},
  publisher={Elsevier}
}

@article{tayyab2021lattice,
  title={Lattice-Boltzmann modeling of a turbulent bluff-body stabilized flame},
  author={Tayyab, M and Zhao, S and Boivin, Pierre},
  journal={Physics of Fluids},
  volume={33},
  number={3},
  year={2021},
  publisher={AIP Publishing}
}

@article{zhao2023lattice,
  title={Lattice-Boltzmann modeling of the quiet and unstable PRECCINSTA burner modes},
  author={Zhao, Song and Bhairapurada, Karthik and Tayyab, Muhammad and Mercier, Renaud and Boivin, Pierre},
  journal={Computers \& Fluids},
  volume={260},
  pages={105898},
  year={2023},
  publisher={Elsevier}
}

@article{taileb2022lattice,
  title={Lattice-Boltzmann modeling of lifted hydrogen jet flames: a new model for hazardous ignition prediction},
  author={Taileb, Said and Mill{\'a}n-Merino, Alejandro and Zhao, Song and Boivin, Pierre},
  journal={Combustion and Flame},
  volume={245},
  pages={112317},
  year={2022},
  publisher={Elsevier}
}

@article{coratger2021large,
  title={Large-eddy lattice-Boltzmann modeling of transonic flows},
  author={Coratger, T and Farag, G and Zhao, S and Boivin, Pierre and Sagaut, P},
  journal={Physics of Fluids},
  volume={33},
  number={11},
  year={2021},
  publisher={AIP Publishing}
}

@article{wissocq2022restoring,
  title={Restoring the conservativity of characteristic-based segregated models: Application to the hybrid lattice Boltzmann method},
  author={Wissocq, Gauthier and Coratger, Thomas and Farag, Gabriel and Zhao, Song and Boivin, Pierre and Sagaut, Pierre},
  journal={Physics of Fluids},
  volume={34},
  number={4},
  year={2022},
  publisher={AIP Publishing}
}

@article{zhao2020toward,
  title={Toward fully conservative hybrid lattice Boltzmann methods for compressible flows},
  author={Zhao, S and Farag, G and Boivin, Pierre and Sagaut, P},
  journal={Physics of Fluids},
  volume={32},
  number={12},
  year={2020},
  publisher={AIP Publishing}
}

@article{dahlquist1963special,
  title={A special stability problem for linear multistep methods},
  author={Dahlquist, Germund G},
  journal={BIT Numerical Mathematics},
  volume={3},
  number={1},
  pages={27--43},
  year={1963},
  publisher={Springer}
}

@article{lallemand2000theory,
  title={Theory of the lattice Boltzmann method: Dispersion, dissipation, isotropy, Galilean invariance, and stability},
  author={Lallemand, Pierre and Luo, Li-Shi},
  journal={Physical review E},
  volume={61},
  number={6},
  pages={6546},
  year={2000},
  publisher={APS}
}

@article{wissocq2019extended,
  title={An extended spectral analysis of the lattice Boltzmann method: modal interactions and stability issues},
  author={Wissocq, Gauthier and Sagaut, Pierre and Boussuge, Jean-Fran{\c{c}}ois},
  journal={Journal of Computational Physics},
  volume={380},
  pages={311--333},
  year={2019},
  publisher={Elsevier}
}

@article{coreixas2019comprehensive,
  title={Comprehensive comparison of collision models in the lattice Boltzmann framework: Theoretical investigations},
  author={Coreixas, Christophe and Chopard, Bastien and Latt, Jonas},
  journal={Physical Review E},
  volume={100},
  number={3},
  pages={033305},
  year={2019},
  publisher={APS}
}

@article{philippi2006continuous,
  title={From the continuous to the lattice Boltzmann equation: The discretization problem and thermal models},
  author={Philippi, Paulo C and Hegele Jr, Luiz A and Dos Santos, Lu{\'\i}s OE and Surmas, Rodrigo},
  journal={Physical Review E—Statistical, Nonlinear, and Soft Matter Physics},
  volume={73},
  number={5},
  pages={056702},
  year={2006},
  publisher={APS}
}

@article{siebert2008lattice,
  title={Lattice Boltzmann equation linear stability analysis: Thermal and athermal models},
  author={Siebert, DN and Hegele Jr, LA and Philippi, Paulo C},
  journal={Physical Review E—Statistical, Nonlinear, and Soft Matter Physics},
  volume={77},
  number={2},
  pages={026707},
  year={2008},
  publisher={APS}
}

@article{jacob2018new,
  title={A new hybrid recursive regularised Bhatnagar--Gross--Krook collision model for lattice Boltzmann method-based large eddy simulation},
  author={Jacob, J{\'e}r{\^o}me and Malaspinas, Orestis and Sagaut, Pierre},
  journal={Journal of Turbulence},
  volume={19},
  number={11-12},
  pages={1051--1076},
  year={2018},
  publisher={Taylor \& Francis}
}

@phdthesis{tayyab2020development,
  title={Development of combustion modelling within lattice Boltzmann framework},
  author={Tayyab, Muhammad},
  year={2020},
  school={Aix-Marseille}
}

@article{feng2019hybrid,
  title={Hybrid recursive regularized thermal lattice Boltzmann model for high subsonic compressible flows},
  author={Feng, Yongliang and Boivin, Pierre and Jacob, J{\'e}r{\^o}me and Sagaut, Pierre},
  journal={Journal of Computational Physics},
  volume={394},
  pages={82--99},
  year={2019},
  publisher={Elsevier}
}

@article{renard2021improved,
  title={Improved compressible hybrid lattice Boltzmann method on standard lattice for subsonic and supersonic flows},
  author={Renard, Florian and Feng, Yongliang and Boussuge, Jean-Fran{\c{c}}ois and Sagaut, Pierre},
  journal={Computers \& Fluids},
  volume={219},
  pages={104867},
  year={2021},
  publisher={Elsevier}
}

@article{farag2020pressure,
  title={A pressure-based regularized lattice-Boltzmann method for the simulation of compressible flows},
  author={Farag, G and Zhao, S and Coratger, T and Boivin, Pierre and Chiavassa, G and Sagaut, Pierre},
  journal={Physics of Fluids},
  volume={32},
  number={6},
  year={2020},
  publisher={AIP Publishing}
}

@inproceedings{nie2009lattice,
  title={A lattice-Boltzmann/finite-difference hybrid simulation of transonic flow},
  author={Nie, Xiaobo and Shan, Xiaowen and Chen, Hudong},
  booktitle={47th AIAA Aerospace Sciences Meeting Including the New Horizons Forum and Aerospace Exposition},
  pages={139},
  year={2009}
}

@inproceedings{li2009application,
  title={Application of a higher order lattice Boltzmann/hybrid method for simulation of compressible viscous flows with curved boundary},
  author={Li, Yanbing and Fan, Hongli and Nie, Xiaobo and Zhang, Raoyang and Shan, Xiaowen and Chen, Hudong and Shih, T IP and Chi, Xingkai},
  booktitle={47th AIAA Aerospace Sciences Meeting including The New Horizons Forum and Aerospace Exposition},
  pages={1336},
  year={2009}
}

@inproceedings{ribeiro2017buffet,
  title={Buffet simulations with a lattice-Boltzmann based transonic solver},
  author={Ribeiro, Andre F and Konig, Benedikt and Singh, Deepali and Fares, Ehab and Zhang, Raoyang and Gopalakrishnan, Pardeep and Jammalamadaka, Avinash and Li, Yanbing and Chen, Hudong},
  booktitle={55th AIAA Aerospace Sciences Meeting},
  pages={1438},
  year={2017}
}

@article{farag2021unified,
  title={A unified hybrid lattice-Boltzmann method for compressible flows: Bridging between pressure-based and density-based methods},
  author={Farag, G and Coratger, T and Wissocq, G and Zhao, S and Boivin, Pierre and Sagaut, P},
  journal={Physics of Fluids},
  volume={33},
  number={8},
  year={2021},
  publisher={AIP Publishing}
}

@article{renard2021linear,
  title={A linear stability analysis of compressible hybrid lattice Boltzmann methods},
  author={Renard, Florian and Wissocq, Gauthier and Boussuge, Jean-Fran{\c{c}}ois and Sagaut, Pierre},
  journal={Journal of Computational Physics},
  volume={446},
  pages={110649},
  year={2021},
  publisher={Elsevier}
}

@article{schmitt2010large,
  title={Large-eddy simulation of supercritical-pressure round jets},
  author={Schmitt, Thomas and Selle, Laurent and Ruiz, Anthony and Cuenot, B{\'e}n{\'e}dicte},
  journal={AIAA journal},
  volume={48},
  number={9},
  pages={2133--2144},
  year={2010}
}

@book{toro2013riemann,
  title={Riemann solvers and numerical methods for fluid dynamics: a practical introduction},
  author={Toro, Eleuterio F},
  year={2013},
  publisher={Springer Science \& Business Media}
}

@article{chu1958non,
  title={Non-linear interactions in a viscous heat-conducting compressible gas},
  author={Chu, Boa-Teh and Kov{\'a}sznay, Leslie SG},
  journal={Journal of Fluid Mechanics},
  volume={3},
  number={5},
  pages={494--514},
  year={1958},
  publisher={Cambridge University Press}
}

Gabriel Farag. “Kovasznay modes in a fluid flow of real materials”. In: To be
published (2023) (cit. on p. 75).

@article{banuti2019latent,
  title={The latent heat of supercritical fluids},
  author={Banuti, Daniel},
  journal={Periodica Polytechnica Chemical Engineering},
  volume={63},
  number={2},
  pages={270--275},
  year={2019}
}

@article{feng2020grid,
  title={Grid refinement in the three-dimensional hybrid recursive regularized lattice Boltzmann method for compressible aerodynamics},
  author={Feng, Y and Guo, S and Jacob, J and Sagaut, P},
  journal={Physical Review E},
  volume={101},
  number={6},
  pages={063302},
  year={2020},
  publisher={APS}
}

@article{schmitt2011large,
  title={Large-eddy simulation of oxygen/methane flames under transcritical conditions},
  author={Schmitt, Thomas and M{\'e}ry, Yoann and Boileau, Matthieu and Candel, Sebastien},
  journal={Proceedings of the Combustion Institute},
  volume={33},
  number={1},
  pages={1383--1390},
  year={2011},
  publisher={Elsevier}
}

@article{laesecke2017reference,
  title={Reference correlation for the viscosity of carbon dioxide},
  author={Laesecke, Arno and Muzny, Chris D},
  journal={Journal of physical and chemical reference data},
  volume={46},
  number={1},
  year={2017},
  publisher={AIP Publishing}
}

@article{banuti2019latent,
  title={The latent heat of supercritical fluids},
  author={Banuti, Daniel},
  journal={Periodica Polytechnica Chemical Engineering},
  volume={63},
  number={2},
  pages={270--275},
  year={2019}
}

@article{Lequere2005,
    title={Modelling of natural convection flows with large temperature differences: A benchmark problem for Low Mach Number solvers. Part 1. Reference solutions},
    author={Le Quéré, P and Weisman, C and Paillère, H and Vierendeels, J and Dick, E and Becker, R and Braack, M and Locke, J},
    journal={ESAIM: Mathematical Modelling and Numerical Analysis},
    volume={39},
    number={3},
    pages={609-616},
    year={2005},
    DOI={https://doi.org/10.1051/m2an:2005027}
}

@article{Ameur2013,
    title={Numerical simulation of the Poiseuille-Rayleigh-Bénard instability for a supercritical fluid in a mini-channel},
    author={Ameur, D and Raspo, I},
    journal={Computational Thermal Sciences},
    volume={5},
    number={2},
    pages={107-118},
    year={2013},
    DOI={https://doi.org/10.1615/ComputThermalScien.2013006169}
}

@article{mayer2003raman,
  title={Raman measurements of cryogenic injection at supercritical pressure},
  author={Mayer, W and Telaar, J and Branam, R and Schneider, G and Hussong, J},
  journal={Heat and Mass Transfer},
  volume={39},
  number={8},
  pages={709--719},
  year={2003},
  publisher={Springer}
}

@article{farag2021unified,
  title={A unified hybrid lattice-Boltzmann method for compressible flows: Bridging between pressure-based and density-based methods},
  author={Farag, G and Coratger, T and Wissocq, G and Zhao, S and Boivin, Pierre and Sagaut, P},
  journal={Physics of Fluids},
  volume={33},
  number={8},
  year={2021},
  publisher={AIP Publishing}
}

@article{wissocq2022restoring,
  title={Restoring the conservativity of characteristic-based segregated models: Application to the hybrid lattice Boltzmann method},
  author={Wissocq, Gauthier and Coratger, Thomas and Farag, Gabriel and Zhao, Song and Boivin, Pierre and Sagaut, Pierre},
  journal={Physics of Fluids},
  volume={34},
  number={4},
  year={2022},
  publisher={AIP Publishing}
}

@book{poling2001properties,
  title={The properties of gases and liquids},
  author={Poling, Bruce E and Prausnitz, John M and O'connell, John P and others},
  volume={5},
  year={2001},
  publisher={Mcgraw-hill New York}
}

@inproceedings{banuti2017seven,
  title={Seven questions about supercritical fluids-towards a new fluid state diagram},
  author={Banuti, Daniel and Raju, Muralikrishna and Ma, Peter C and Ihme, Matthias and Hickey, Jean-Pierre},
  booktitle={55th AIAA Aerospace Sciences Meeting},
  pages={1106},
  year={2017}
}

@article{mcmillan2010going,
  title={Going supercritical},
  author={McMillan, Paul F and Stanley, H Eugene},
  journal={Nature Physics},
  volume={6},
  number={7},
  pages={479--480},
  year={2010},
  publisher={Nature Publishing Group UK London}
}

@book{toro2013riemann,
  title={Riemann solvers and numerical methods for fluid dynamics: a practical introduction},
  author={Toro, Eleuterio F},
  year={2013},
  publisher={Springer Science \& Business Media}
}

@article{lemmon2004viscosity,
  title={Viscosity and thermal conductivity equations for nitrogen, oxygen, argon, and air},
  author={Lemmon, Eric W and Jacobsen, Richard T},
  journal={International journal of thermophysics},
  volume={25},
  pages={21--69},
  year={2004},
  publisher={Springer}
}

@article{huber2016reference,
  title={Reference Correlation of the Thermal Conductivity of Carbon Dioxide from the Triple Point to 1100 K and up to 200 MPa},
  author={Huber, Marcia L and Sykioti, EA and Assael, Marc J and Perkins, Richard A},
  journal={Journal of physical and chemical reference data},
  volume={45},
  number={1},
  year={2016},
  publisher={AIP Publishing}
}

@article{laesecke2017reference,
  title={Reference correlation for the viscosity of carbon dioxide},
  author={Laesecke, Arno and Muzny, Chris D},
  journal={Journal of physical and chemical reference data},
  volume={46},
  number={1},
  year={2017},
  publisher={AIP Publishing}
}

@article{farag2021consistency,
  title={Consistency study of lattice-Boltzmann schemes macroscopic limit},
  author={Farag, Gabriel and Zhao, S and Chiavassa, Guillaume and Boivin, Pierre},
  journal={Physics of Fluids},
  volume={33},
  number={3},
  year={2021},
  publisher={AIP Publishing}
}

@article{kruger2017lattice,
  title={The lattice Boltzmann method},
  author={Kr{\"u}ger, Timm and Kusumaatmaja, Halim and Kuzmin, Alexandr and Shardt, Orest and Silva, Goncalo and Viggen, Erlend Magnus},
  journal={Springer International Publishing},
  volume={10},
  number={978-3},
  pages={4--15},
  year={2017},
  publisher={Springer}
}

@misc{smith1950introduction,
  title={Introduction to chemical engineering thermodynamics},
  author={Smith, Joseph Mauk},
  year={1950},
  publisher={ACS Publications}
}

@article{wang2022new,
  title={A new hybrid lattice-Boltzmann method for thermal flow simulations in low-Mach number approximation},
  author={Wang, Guanxiong and Zhao, Song and Boivin, Pierre and Serre, Eric and Sagaut, Pierre},
  journal={Physics of Fluids},
  volume={34},
  number={4},
  year={2022},
  publisher={AIP Publishing}
}

@article{he2002comparison,
  title={Comparison of the lattice Boltzmann method and the artificial compressibility method for Navier--Stokes equations},
  author={He, Xiaoyi and Doolen, Gary D and Clark, T},
  journal={Journal of Computational Physics},
  volume={179},
  number={2},
  pages={439--451},
  year={2002},
  publisher={Elsevier}
}

@article{liu1998preconditioned,
  title={Preconditioned multigrid methods for unsteady incompressible flows},
  author={Liu, C and Zheng, X and Sung, CH},
  journal={Journal of Computational physics},
  volume={139},
  number={1},
  pages={35--57},
  year={1998},
  publisher={Elsevier}
}

@article{zhou1999vortex,
  title={Vortex-induced vibrations of an elastic circular cylinder},
  author={Zhou, CY and So, RMC and Lam, K},
  journal={Journal of Fluids and Structures},
  volume={13},
  number={2},
  pages={165--189},
  year={1999},
  publisher={Elsevier}
}

@article{kim2001immersed,
  title={An immersed-boundary finite-volume method for simulations of flow in complex geometries},
  author={Kim, Jungwoo and Kim, Dongjoo and Choi, Haecheon},
  journal={Journal of computational physics},
  volume={171},
  number={1},
  pages={132--150},
  year={2001},
  publisher={Elsevier}
}

@article{bourguet2014flow,
  title={Flow-induced vibrations of a rotating cylinder},
  author={Bourguet, R{\'e}mi and Jacono, David Lo},
  journal={Journal of Fluid Mechanics},
  volume={740},
  pages={342--380},
  year={2014},
  publisher={Cambridge University Press}
}

@article{gsell2021direct,
  title={Direct-forcing immersed-boundary method: A simple correction preventing boundary slip error},
  author={Gsell, Simon and Favier, Julien},
  journal={Journal of Computational Physics},
  volume={435},
  pages={110265},
  year={2021},
  publisher={Elsevier}
}

@article{menez2023assessment,
  title={Assessment of volume penalization and immersed boundary methods for compressible flows with various thermal boundary conditions},
  author={M{\'e}nez, L and Parnaudeau, Philippe and Beringhier, Marianne and Da Silva, E Goncalves},
  journal={Journal of Computational Physics},
  volume={493},
  pages={112465},
  year={2023},
  publisher={Elsevier}
}

@article{cheylan2022analysis,
  title={Analysis of the Lagrangian Weight in the Direct-Forcing Immersed Boundary Method for Fluid-Structure Interaction},
  author={Cheylan, Isabelle and Fringand, Tom and others},
  year={2022}
}

@article{hosseini2023low,
  title={Low Mach number lattice Boltzmann model for turbulent combustion: Flow in confined geometries},
  author={Hosseini, Seyed Ali and Darabiha, Nasser and Th{\'e}venin, Dominique},
  journal={Proceedings of the Combustion Institute},
  volume={39},
  number={4},
  pages={5357--5364},
  year={2023},
  publisher={Elsevier}
}

@article{ramshaw1985pressure,
  title={Pressure gradient scaling method for fluid flow with nearly uniform pressure},
  author={Ramshaw, JD and O'Rourke, PJ and Stein, LR},
  journal={Journal of Computational Physics},
  volume={58},
  number={3},
  pages={361--376},
  year={1985},
  publisher={Elsevier}
}

@techreport{paolucci1982filtering,
  title={Filtering of sound from the Navier-Stokes equations.[An approximation for describing thermal convection in a compressible fluid]},
  author={Paolucci, Samuel},
  year={1982},
  institution={Sandia National Labs., Livermore, CA (USA)}
}

@article{farag2020pressure,
  title={A pressure-based regularized lattice-Boltzmann method for the simulation of compressible flows},
  author={Farag, G and Zhao, S and Coratger, T and Boivin, Pierre and Chiavassa, G and Sagaut, Pierre},
  journal={Physics of Fluids},
  volume={32},
  number={6},
  year={2020},
  publisher={AIP Publishing}
}

@article{wissocq2022hydrodynamic,
  title={Hydrodynamic limits and numerical errors of isothermal lattice Boltzmann schemes},
  author={Wissocq, Gauthier and Sagaut, Pierre},
  journal={Journal of Computational Physics},
  volume={450},
  pages={110858},
  year={2022},
  publisher={Elsevier}
}

@article{jacob2018new,
  title={A new hybrid recursive regularised Bhatnagar--Gross--Krook collision model for lattice Boltzmann method-based large eddy simulation},
  author={Jacob, J{\'e}r{\^o}me and Malaspinas, Orestis and Sagaut, Pierre},
  journal={Journal of Turbulence},
  volume={19},
  number={11-12},
  pages={1051--1076},
  year={2018},
  publisher={Taylor \& Francis}
}

@book{brun2017sco2,
  title={Supercritical \ce{CO2} Power Cycles: Fundamentals, Performance and Applications},
  author={Brun, Klaus and Friedman, Peter and Dennis, Richard},
  year={2017},
  publisher={Woodhead Publishing},
  isbn={9780081008041}
}

@article{gupta2020ccs,
  title={Utilization of supercritical \ce{CO2} in carbon capture and storage: A review of recent advances},
  author={Gupta, Mohit and Patel, Vaibhav and Kumar, Vinay},
  journal={Journal of Environmental Chemical Engineering},
  volume={8},
  number={5},
  pages={104200},
  year={2020},
  publisher={Elsevier},
  doi={10.1016/j.jece.2020.104200}
}

@misc{ipcc2014mitigation,
  title={Climate Change 2014: Mitigation of Climate Change. Contribution of Working Group III to the Fifth Assessment Report of the Intergovernmental Panel on Climate Change},
  author={IPCC},
  year={2014},
  publisher={Cambridge University Press},
  url={https://www.ipcc.ch/report/ar5/wg3/}
}

@article{hickox2000scfluids,
  title={Supercritical fluids in rocket propulsion: A review of current research and future opportunities},
  author={Hickox, C.E. and Nichols, R.T.},
  journal={AIAA Journal},
  volume={38},
  number={4},
  pages={595--603},
  year={2000},
  doi={10.2514/2.1008},
  publisher={American Institute of Aeronautics and Astronautics}
}

@book{brown2014rocket,
  title={Rocket Propulsion Elements},
  author={Brown, George P. Sutton and Biblarz, Oscar},
  edition={8},
  year={2014},
  publisher={John Wiley \& Sons},
  isbn={9781118753651}
}

@article{chehroudi2006scinjection,
  title={Recent experimental efforts on high-pressure supercritical injection for liquid rockets and their implications},
  author={Chehroudi, B.},
  journal={International Journal of Aerospace Engineering},
  volume={2006},
  pages={1--15},
  year={2006},
  doi={10.1155/AERO/2006/79126},
  publisher={Hindawi Publishing Corporation}
}

@article{petit2013large,
  title={Large-eddy simulation of supercritical fluid injection},
  author={Petit, Xavier and Ribert, Guillaume and Lartigue, G and Domingo, P},
  journal={The Journal of Supercritical Fluids},
  volume={84},
  pages={61--73},
  year={2013},
  publisher={Elsevier}
}

@article{zhao2020toward,
  title={Toward fully conservative hybrid lattice Boltzmann methods for compressible flows},
  author={Zhao, S and Farag, G and Boivin, Pierre and Sagaut, P},
  journal={Physics of Fluids},
  volume={32},
  number={12},
  year={2020},
  publisher={AIP Publishing}
}

@article{filippova2000novel,
  title={A novel lattice BGK approach for low Mach number combustion},
  author={Filippova, Olga and H{\"a}nel, Dieter},
  journal={Journal of Computational Physics},
  volume={158},
  number={2},
  pages={139--160},
  year={2000},
  publisher={Elsevier}
}

@book{brunner2013gas,
  title={Gas extraction: an introduction to fundamentals of supercritical fluids and the application to separation processes},
  author={Brunner, Gerd},
  volume={4},
  year={2013},
  publisher={Springer Science \& Business Media}
}

@article{knez2014industrial,
  title={Industrial applications of supercritical fluids: A review},
  author={Knez, {\v{Z}}eljko and Marko{\v{c}}i{\v{c}}, Elena and Leitgeb, Maja and Primo{\v{z}}i{\v{c}}, Mateja and Hrn{\v{c}}i{\v{c}}, M Knez and {\v{S}}kerget, Mojca},
  journal={Energy},
  volume={77},
  pages={235--243},
  year={2014},
  publisher={Elsevier}
}

@article{hazi2008modeling,
  title={Modeling heat transfer in supercritical fluid using the lattice Boltzmann method},
  author={H{\'a}zi, G{\'a}bor and M{\'a}rkus, Attila},
  journal={Physical Review E—Statistical, Nonlinear, and Soft Matter Physics},
  volume={77},
  number={2},
  pages={026305},
  year={2008},
  publisher={APS}
}

@article{lopez2017peng,
  title={Peng-Robinson equation of state: 40 years through cubics},
  author={Lopez-Echeverry, Juan Sebastian and Reif-Acherman, Simon and Araujo-Lopez, Eduard},
  journal={Fluid Phase Equilibria},
  volume={447},
  pages={39--71},
  year={2017},
  publisher={Elsevier}
}

@article{wang2004artificial,
  title={Artificial acoustic stiffness reduction in fully compressible, direct numerical simulation of combustion},
  author={Wang, Yi and Trouv{\'e}, Arnaud},
  journal={Combustion Theory and Modelling},
  volume={8},
  number={3},
  pages={633},
  year={2004},
  publisher={IOP Publishing}
}

@techreport{frisch1985lattice,
  title={A lattice gas automaton for the Navier Stokes equation},
  author={Frisch, U and Hasslacher, B and Pomeau, Y},
  year={1985}
}

@article{bhatnagar1954model,
  title={A model for collision processes in gases. I. Small amplitude processes in charged and neutral one-component systems},
  author={Bhatnagar, Prabhu Lal and Gross, Eugene P and Krook, Max},
  journal={Physical review},
  volume={94},
  number={3},
  pages={511},
  year={1954},
  publisher={APS}
}

@article{Lequere2005,
    title={Modelling of natural convection flows with large temperature differences: A benchmark problem for Low Mach Number solvers. Part 1. Reference solutions},
    author={Le Quéré, P and Weisman, C and Paillère, H and Vierendeels, J and Dick, E and Becker, R and Braack, M and Locke, J},
    journal={ESAIM: Mathematical Modelling and Numerical Analysis},
    volume={39},
    number={3},
    pages={609-616},
    year={2005},
    DOI={https://doi.org/10.1051/m2an:2005027}
}

@article{Ameur2013,
    title={Numerical simulation of the Poiseuille-Rayleigh-Bénard instability for a supercritical fluid in a mini-channel},
    author={Ameur, D and Raspo, I},
    journal={Computational Thermal Sciences},
    volume={5},
    number={2},
    pages={107-118},
    year={2013},
    DOI={https://doi.org/10.1615/ComputThermalScien.2013006169}
}

@article{mayer2003raman,
  title={Raman measurements of cryogenic injection at supercritical pressure},
  author={Mayer, W and Telaar, J and Branam, R and Schneider, G and Hussong, J},
  journal={Heat and Mass Transfer},
  volume={39},
  number={8},
  pages={709--719},
  year={2003},
  publisher={Springer}
}

@article{farag2021unified,
  title={A unified hybrid lattice-Boltzmann method for compressible flows: Bridging between pressure-based and density-based methods},
  author={Farag, G and Coratger, T and Wissocq, G and Zhao, S and Boivin, Pierre and Sagaut, P},
  journal={Physics of Fluids},
  volume={33},
  number={8},
  year={2021},
  publisher={AIP Publishing}
}

@article{wissocq2022restoring,
  title={Restoring the conservativity of characteristic-based segregated models: Application to the hybrid lattice Boltzmann method},
  author={Wissocq, Gauthier and Coratger, Thomas and Farag, Gabriel and Zhao, Song and Boivin, Pierre and Sagaut, Pierre},
  journal={Physics of Fluids},
  volume={34},
  number={4},
  year={2022},
  publisher={AIP Publishing}
}

@book{poling2001properties,
  title={The properties of gases and liquids},
  author={Poling, Bruce E and Prausnitz, John M and O'connell, John P and others},
  volume={5},
  year={2001},
  publisher={Mcgraw-hill New York}
}

@inproceedings{banuti2017seven,
  title={Seven questions about supercritical fluids-towards a new fluid state diagram},
  author={Banuti, Daniel and Raju, Muralikrishna and Ma, Peter C and Ihme, Matthias and Hickey, Jean-Pierre},
  booktitle={55th AIAA Aerospace Sciences Meeting},
  pages={1106},
  year={2017}
}

@article{mcmillan2010going,
  title={Going supercritical},
  author={McMillan, Paul F and Stanley, H Eugene},
  journal={Nature Physics},
  volume={6},
  number={7},
  pages={479--480},
  year={2010},
  publisher={Nature Publishing Group UK London}
}

@book{toro2013riemann,
  title={Riemann solvers and numerical methods for fluid dynamics: a practical introduction},
  author={Toro, Eleuterio F},
  year={2013},
  publisher={Springer Science \& Business Media}
}

@article{lemmon2004viscosity,
  title={Viscosity and thermal conductivity equations for nitrogen, oxygen, argon, and air},
  author={Lemmon, Eric W and Jacobsen, Richard T},
  journal={International journal of thermophysics},
  volume={25},
  pages={21--69},
  year={2004},
  publisher={Springer}
}

@article{huber2016reference,
  title={Reference Correlation of the Thermal Conductivity of Carbon Dioxide from the Triple Point to 1100 K and up to 200 MPa},
  author={Huber, Marcia L and Sykioti, EA and Assael, Marc J and Perkins, Richard A},
  journal={Journal of physical and chemical reference data},
  volume={45},
  number={1},
  year={2016},
  publisher={AIP Publishing}
}

@article{laesecke2017reference,
  title={Reference correlation for the viscosity of carbon dioxide},
  author={Laesecke, Arno and Muzny, Chris D},
  journal={Journal of physical and chemical reference data},
  volume={46},
  number={1},
  year={2017},
  publisher={AIP Publishing}
}

@article{farag2021consistency,
  title={Consistency study of lattice-Boltzmann schemes macroscopic limit},
  author={Farag, Gabriel and Zhao, S and Chiavassa, Guillaume and Boivin, Pierre},
  journal={Physics of Fluids},
  volume={33},
  number={3},
  year={2021},
  publisher={AIP Publishing}
}

@article{kruger2017lattice,
  title={The lattice Boltzmann method},
  author={Kr{\"u}ger, Timm and Kusumaatmaja, Halim and Kuzmin, Alexandr and Shardt, Orest and Silva, Goncalo and Viggen, Erlend Magnus},
  journal={Springer International Publishing},
  volume={10},
  number={978-3},
  pages={4--15},
  year={2017},
  publisher={Springer}
}

@misc{smith1950introduction,
  title={Introduction to chemical engineering thermodynamics},
  author={Smith, Joseph Mauk},
  year={1950},
  publisher={ACS Publications}
}

@article{wang2022new,
  title={A new hybrid lattice-Boltzmann method for thermal flow simulations in low-Mach number approximation},
  author={Wang, Guanxiong and Zhao, Song and Boivin, Pierre and Serre, Eric and Sagaut, Pierre},
  journal={Physics of Fluids},
  volume={34},
  number={4},
  year={2022},
  publisher={AIP Publishing}
}

@article{he2002comparison,
  title={Comparison of the lattice Boltzmann method and the artificial compressibility method for Navier--Stokes equations},
  author={He, Xiaoyi and Doolen, Gary D and Clark, T},
  journal={Journal of Computational Physics},
  volume={179},
  number={2},
  pages={439--451},
  year={2002},
  publisher={Elsevier}
}

@article{liu1998preconditioned,
  title={Preconditioned multigrid methods for unsteady incompressible flows},
  author={Liu, C and Zheng, X and Sung, CH},
  journal={Journal of Computational physics},
  volume={139},
  number={1},
  pages={35--57},
  year={1998},
  publisher={Elsevier}
}

@article{zhou1999vortex,
  title={Vortex-induced vibrations of an elastic circular cylinder},
  author={Zhou, CY and So, RMC and Lam, K},
  journal={Journal of Fluids and Structures},
  volume={13},
  number={2},
  pages={165--189},
  year={1999},
  publisher={Elsevier}
}

@article{kim2001immersed,
  title={An immersed-boundary finite-volume method for simulations of flow in complex geometries},
  author={Kim, Jungwoo and Kim, Dongjoo and Choi, Haecheon},
  journal={Journal of computational physics},
  volume={171},
  number={1},
  pages={132--150},
  year={2001},
  publisher={Elsevier}
}

@article{bourguet2014flow,
  title={Flow-induced vibrations of a rotating cylinder},
  author={Bourguet, R{\'e}mi and Jacono, David Lo},
  journal={Journal of Fluid Mechanics},
  volume={740},
  pages={342--380},
  year={2014},
  publisher={Cambridge University Press}
}

@article{gsell2021direct,
  title={Direct-forcing immersed-boundary method: A simple correction preventing boundary slip error},
  author={Gsell, Simon and Favier, Julien},
  journal={Journal of Computational Physics},
  volume={435},
  pages={110265},
  year={2021},
  publisher={Elsevier}
}

@article{menez2023assessment,
  title={Assessment of volume penalization and immersed boundary methods for compressible flows with various thermal boundary conditions},
  author={M{\'e}nez, L and Parnaudeau, Philippe and Beringhier, Marianne and Da Silva, E Goncalves},
  journal={Journal of Computational Physics},
  volume={493},
  pages={112465},
  year={2023},
  publisher={Elsevier}
}

@article{cheylan2022analysis,
  title={Analysis of the Lagrangian Weight in the Direct-Forcing Immersed Boundary Method for Fluid-Structure Interaction},
  author={Cheylan, Isabelle and Fringand, Tom and others},
  year={2022}
}

@article{hosseini2023low,
  title={Low Mach number lattice Boltzmann model for turbulent combustion: Flow in confined geometries},
  author={Hosseini, Seyed Ali and Darabiha, Nasser and Th{\'e}venin, Dominique},
  journal={Proceedings of the Combustion Institute},
  volume={39},
  number={4},
  pages={5357--5364},
  year={2023},
  publisher={Elsevier}
}

@article{ramshaw1985pressure,
  title={Pressure gradient scaling method for fluid flow with nearly uniform pressure},
  author={Ramshaw, JD and O'Rourke, PJ and Stein, LR},
  journal={Journal of Computational Physics},
  volume={58},
  number={3},
  pages={361--376},
  year={1985},
  publisher={Elsevier}
}

@techreport{paolucci1982filtering,
  title={Filtering of sound from the Navier-Stokes equations.[An approximation for describing thermal convection in a compressible fluid]},
  author={Paolucci, Samuel},
  year={1982},
  institution={Sandia National Labs., Livermore, CA (USA)}
}

@article{farag2020pressure,
  title={A pressure-based regularized lattice-Boltzmann method for the simulation of compressible flows},
  author={Farag, G and Zhao, S and Coratger, T and Boivin, Pierre and Chiavassa, G and Sagaut, Pierre},
  journal={Physics of Fluids},
  volume={32},
  number={6},
  year={2020},
  publisher={AIP Publishing}
}

@article{wissocq2022hydrodynamic,
  title={Hydrodynamic limits and numerical errors of isothermal lattice Boltzmann schemes},
  author={Wissocq, Gauthier and Sagaut, Pierre},
  journal={Journal of Computational Physics},
  volume={450},
  pages={110858},
  year={2022},
  publisher={Elsevier}
}

@article{jacob2018new,
  title={A new hybrid recursive regularised Bhatnagar--Gross--Krook collision model for lattice Boltzmann method-based large eddy simulation},
  author={Jacob, J{\'e}r{\^o}me and Malaspinas, Orestis and Sagaut, Pierre},
  journal={Journal of Turbulence},
  volume={19},
  number={11-12},
  pages={1051--1076},
  year={2018},
  publisher={Taylor \& Francis}
}

@book{brun2017sco2,
  title={Supercritical \ce{CO2} Power Cycles: Fundamentals, Performance and Applications},
  author={Brun, Klaus and Friedman, Peter and Dennis, Richard},
  year={2017},
  publisher={Woodhead Publishing},
  isbn={9780081008041}
}

@article{gupta2020ccs,
  title={Utilization of supercritical \ce{CO2} in carbon capture and storage: A review of recent advances},
  author={Gupta, Mohit and Patel, Vaibhav and Kumar, Vinay},
  journal={Journal of Environmental Chemical Engineering},
  volume={8},
  number={5},
  pages={104200},
  year={2020},
  publisher={Elsevier},
  doi={10.1016/j.jece.2020.104200}
}

@misc{ipcc2014mitigation,
  title={Climate Change 2014: Mitigation of Climate Change. Contribution of Working Group III to the Fifth Assessment Report of the Intergovernmental Panel on Climate Change},
  author={IPCC},
  year={2014},
  publisher={Cambridge University Press},
  url={https://www.ipcc.ch/report/ar5/wg3/}
}

@article{hickox2000scfluids,
  title={Supercritical fluids in rocket propulsion: A review of current research and future opportunities},
  author={Hickox, C.E. and Nichols, R.T.},
  journal={AIAA Journal},
  volume={38},
  number={4},
  pages={595--603},
  year={2000},
  doi={10.2514/2.1008},
  publisher={American Institute of Aeronautics and Astronautics}
}

@book{brown2014rocket,
  title={Rocket Propulsion Elements},
  author={Brown, George P. Sutton and Biblarz, Oscar},
  edition={8},
  year={2014},
  publisher={John Wiley \& Sons},
  isbn={9781118753651}
}

@article{chehroudi2006scinjection,
  title={Recent experimental efforts on high-pressure supercritical injection for liquid rockets and their implications},
  author={Chehroudi, B.},
  journal={International Journal of Aerospace Engineering},
  volume={2006},
  pages={1--15},
  year={2006},
  doi={10.1155/AERO/2006/79126},
  publisher={Hindawi Publishing Corporation}
}

@article{petit2013large,
  title={Large-eddy simulation of supercritical fluid injection},
  author={Petit, Xavier and Ribert, Guillaume and Lartigue, G and Domingo, P},
  journal={The Journal of Supercritical Fluids},
  volume={84},
  pages={61--73},
  year={2013},
  publisher={Elsevier}
}

@article{zhao2020toward,
  title={Toward fully conservative hybrid lattice Boltzmann methods for compressible flows},
  author={Zhao, S and Farag, G and Boivin, Pierre and Sagaut, P},
  journal={Physics of Fluids},
  volume={32},
  number={12},
  year={2020},
  publisher={AIP Publishing}
}

@article{filippova2000novel,
  title={A novel lattice BGK approach for low Mach number combustion},
  author={Filippova, Olga and H{\"a}nel, Dieter},
  journal={Journal of Computational Physics},
  volume={158},
  number={2},
  pages={139--160},
  year={2000},
  publisher={Elsevier}
}

@book{brunner2013gas,
  title={Gas extraction: an introduction to fundamentals of supercritical fluids and the application to separation processes},
  author={Brunner, Gerd},
  volume={4},
  year={2013},
  publisher={Springer Science \& Business Media}
}

@article{knez2014industrial,
  title={Industrial applications of supercritical fluids: A review},
  author={Knez, {\v{Z}}eljko and Marko{\v{c}}i{\v{c}}, Elena and Leitgeb, Maja and Primo{\v{z}}i{\v{c}}, Mateja and Hrn{\v{c}}i{\v{c}}, M Knez and {\v{S}}kerget, Mojca},
  journal={Energy},
  volume={77},
  pages={235--243},
  year={2014},
  publisher={Elsevier}
}

@article{hazi2008modeling,
  title={Modeling heat transfer in supercritical fluid using the lattice Boltzmann method},
  author={H{\'a}zi, G{\'a}bor and M{\'a}rkus, Attila},
  journal={Physical Review E—Statistical, Nonlinear, and Soft Matter Physics},
  volume={77},
  number={2},
  pages={026305},
  year={2008},
  publisher={APS}
}

@article{lopez2017peng,
  title={Peng-Robinson equation of state: 40 years through cubics},
  author={Lopez-Echeverry, Juan Sebastian and Reif-Acherman, Simon and Araujo-Lopez, Eduard},
  journal={Fluid Phase Equilibria},
  volume={447},
  pages={39--71},
  year={2017},
  publisher={Elsevier}
}

@article{wang2004artificial,
  title={Artificial acoustic stiffness reduction in fully compressible, direct numerical simulation of combustion},
  author={Wang, Yi and Trouv{\'e}, Arnaud},
  journal={Combustion Theory and Modelling},
  volume={8},
  number={3},
  pages={633},
  year={2004},
  publisher={IOP Publishing}
}

@article{boggs1992user,
  title={User's reference guide for odrpack version 2.01: Software for weighted orthogonal distance regression},
  author={Boggs, Paul T and Boggs, Paul T and Rogers, Janet E and Schnabel, Robert B},
  year={1992},
  publisher={US Department of Commerce, National Institute of Standards and Technology}
}

@article{vesovic1990transport,
  title={The transport properties of carbon dioxide},
  author={Vesovic, V and Wakeham, WA and Olchowy, GA and Sengers, JV and Watson, JTR and Millat, J},
  journal={Journal of physical and chemical reference data},
  volume={19},
  number={3},
  pages={763--808},
  year={1990},
  publisher={American Institute of Physics for the National Institute of Standards and~…}
}

@article{olchowy1989simplified,
  title={A simplified representation for the thermal conductivity of fluids in the critical region},
  author={Olchowy, GA and Sengers, JV},
  journal={International Journal of Thermophysics},
  volume={10},
  number={2},
  pages={417--426},
  year={1989},
  publisher={Springer}
}

@article{perkins2013simplified,
  title={Simplified model for the critical thermal-conductivity enhancement in molecular fluids},
  author={Perkins, Richard A and Sengers, Jan V and Abdulagatov, Ilmutdin M and Huber, Marcia L},
  journal={International Journal of Thermophysics},
  volume={34},
  number={2},
  pages={191--212},
  year={2013},
  publisher={Springer}
}

@article{hellmann2014ab,
  title={Ab initio potential energy surface for the carbon dioxide molecule pair and thermophysical properties of dilute carbon dioxide gas},
  author={Hellmann, Robert},
  journal={Chemical Physics Letters},
  volume={613},
  pages={133--138},
  year={2014},
  publisher={Elsevier}
}


@article{bock2002calculation,
  title={Calculation of the transport properties of carbon dioxide. I. Shear viscosity, viscomagnetic effects, and self-diffusion},
  author={Bock, Steffen and Bich, Eckard and Vogel, Eckhard and Dickinson, Alan S and Vesovic, Velisa},
  journal={The Journal of chemical physics},
  volume={117},
  number={5},
  pages={2151--2160},
  year={2002},
  publisher={American Institute of Physics}
}

@article{bukowski1999intermolecular,
  title={Intermolecular potential of carbon dioxide dimer from symmetry-adapted perturbation theory},
  author={Bukowski, Robert and Sadlej, Joanna and Jeziorski, Bogumi{\l} and Jankowski, Piotr and Szalewicz, Krzysztof and Kucharski, Stanis{\l}aw A and Williams, Hayes L and Rice, Betsy M},
  journal={The Journal of chemical physics},
  volume={110},
  number={8},
  pages={3785--3803},
  year={1999},
  publisher={American Institute of Physics}
}


@article{vogel1998reference,
  title={Reference correlation of the viscosity of propane},
  author={Vogel, Eckhard and Kuechenmeister, Cornelia and Bich, Eckard and Laesecke, A},
  journal={Journal of Physical and Chemical Reference Data},
  volume={27},
  number={5},
  pages={947--970},
  year={1998},
  publisher={American Institute of Physics for the National Institute of Standards and~…}
}






